<?xml version = "1.0" encoding = "UTF-8"?><OAI-PMH xmlns="http://www.openarchives.org/OAI/2.0/" xmlns:xsi="http://www.w3.org/2001/XMLSchema-instance" xsi:schemaLocation="http://www.openarchives.org/OAI/2.0/ http://www.openarchives.org/OAI/2.0/OAI-PMH.xsd"><ListRecords><record><header><identifier>aleph-publish:020770547</identifier></header><metadata><record xmlns="http://www.ddb.de/professionell/mabxml/mabxml-1.xsd"><leader>00000nM2.01200024------h</leader><controlfield tag="LDR">00000nM2.01200024------h</controlfield><controlfield tag="FMT">MH</controlfield><datafield tag="001" ind1="-" ind2="1"><subfield code="a">HT018612706</subfield></datafield><datafield tag="002" ind1="b" ind2="1"><subfield code="a">20150421</subfield></datafield><datafield tag="003" ind1="-" ind2="1"><subfield code="a">20220105080500.0</subfield></datafield><datafield tag="020" ind1="a" ind2="1"><subfield code="a">1069547077</subfield><subfield code="b">DNB</subfield></datafield><datafield tag="020" ind1="-" ind2="1"><subfield code="a">ELiSA-9783903004108</subfield><subfield code="b">ELiSA</subfield></datafield><datafield tag="025" ind1="o" ind2="1"><subfield code="a">907939649</subfield></datafield><datafield tag="025" ind1="a" ind2="1"><subfield code="a">1069547077</subfield></datafield><datafield tag="026" ind1="-" ind2="1"><subfield code="a">DNB1069547077</subfield></datafield><controlfield tag="030">a||da||||||37</controlfield><datafield tag="036" ind1="a" ind2="1"><subfield code="a">AT</subfield></datafield><datafield tag="037" ind1="b" ind2="1"><subfield code="a">ger</subfield></datafield><controlfield tag="050">a|a|||||||||||</controlfield><controlfield tag="051">sk||||||</controlfield><datafield tag="064" ind1="a" ind2="1"><subfield code="a">Ausstellungskatalog</subfield><subfield code="9">(DE-588)4135467-9</subfield><subfield code="y">2015</subfield><subfield code="z">Köln</subfield></datafield><datafield tag="070" ind1="-" ind2="1"><subfield code="a">5</subfield></datafield><datafield tag="070" ind1="a" ind2="1"><subfield code="a">DNB</subfield></datafield><datafield tag="070" ind1="b" ind2="1"><subfield code="a">61</subfield></datafield><datafield tag="078" ind1="n" ind2="1"><subfield code="a">NWBib-61</subfield></datafield><datafield tag="080" ind1="-" ind2="1"><subfield code="a">60</subfield></datafield><datafield tag="100" ind1="b" ind2="1"><subfield code="p">Herzog, Günter</subfield><subfield code="d">1954-</subfield><subfield code="9">(DE-588)1050748387</subfield></datafield><datafield tag="200" ind1="b" ind2="1"><subfield code="e">Art Cologne</subfield><subfield code="n">49.</subfield><subfield code="d">2015</subfield><subfield code="c">Köln</subfield><subfield code="9">(DE-588)1069643262</subfield></datafield><datafield tag="201" ind1="-" ind2="1"><subfield code="e">Internationaler Kunstmarkt</subfield><subfield code="n">49.</subfield><subfield code="d">2015</subfield><subfield code="c">Köln</subfield></datafield><datafield tag="201" ind1="-" ind2="1"><subfield code="e">Messe für Moderne und Zeitgenössische Kunst in Köln</subfield><subfield code="n">49.</subfield><subfield code="d">2015</subfield><subfield code="c">Köln</subfield></datafield><datafield tag="204" ind1="b" ind2="1"><subfield code="k">Zentralarchiv des Internationalen Kunsthandels</subfield><subfield code="9">(DE-588)10040152-1</subfield></datafield><datafield tag="205" ind1="-" ind2="1"><subfield code="k">ZADIK</subfield></datafield><datafield tag="205" ind1="-" ind2="1"><subfield code="k">Zentralarchiv des Internationalen Kunsthandels e.V.</subfield></datafield><datafield tag="205" ind1="-" ind2="1"><subfield code="k">Zentralarchiv des Deutschen und Internationalen Kunsthandels</subfield><subfield code="h">Köln</subfield></datafield><datafield tag="205" ind1="-" ind2="1"><subfield code="k">ZADIK</subfield><subfield code="h">Zentralarchiv des Deutschen und Internationalen Kunsthandels, Köln</subfield></datafield><datafield tag="205" ind1="-" ind2="1"><subfield code="k">Zentralarchiv des Internationalen Kunsthandels</subfield><subfield code="h">Köln</subfield></datafield><datafield tag="205" ind1="-" ind2="1"><subfield code="k">Zentralarchiv des Deutschen und Internationalen Kunsthandels</subfield><subfield code="h">Bonn</subfield></datafield><datafield tag="205" ind1="-" ind2="1"><subfield code="k">Zentralarchiv des Deutschen und Internationalen Kunsthandels</subfield></datafield><datafield tag="331" ind1="-" ind2="1"><subfield code="a">Wie die Pop Art nach Deutschland kam</subfield></datafield><datafield tag="335" ind1="-" ind2="1"><subfield code="a">[... anlässlich der gleichnamigen Ausstellung auf der ART COLOGNE 16. - 19.4.2015, und im ZADIK, 4.5. - 28.8.2015]</subfield></datafield><datafield tag="359" ind1="-" ind2="1"><subfield code="a">[Texte: Günter Herzog ...]</subfield></datafield><datafield tag="410" ind1="-" ind2="1"><subfield code="a">Wien</subfield></datafield><datafield tag="412" ind1="-" ind2="1"><subfield code="a">Verl. für moderne Kunst</subfield></datafield><datafield tag="415" ind1="-" ind2="1"><subfield code="a">Köln</subfield></datafield><datafield tag="417" ind1="-" ind2="1"><subfield code="a">Zentralarchiv des Internationalen Kunsthandels e.V., ZADIK</subfield></datafield><datafield tag="425" ind1="a" ind2="1"><subfield code="a">2015</subfield></datafield><datafield tag="433" ind1="-" ind2="1"><subfield code="a">173 S. : zahlr. Ill.</subfield></datafield><datafield tag="451" ind1="-" ind2="1"><subfield code="a">Sediment ; 25/26</subfield></datafield><datafield tag="453" ind1="-" ind2="1"><subfield code="a">HT014679525</subfield></datafield><datafield tag="455" ind1="-" ind2="1"><subfield code="a">25/26</subfield></datafield><datafield tag="456" ind1="-" ind2="1"><subfield code="a">25/26</subfield></datafield><datafield tag="540" ind1="a" ind2="1"><subfield code="a">978-3-903004-10-8</subfield><subfield code="b">Pb. : EUR 29.00 (DE), EUR 29.00 (AT), sfr 39.90 (freier Pr.)</subfield></datafield><datafield tag="553" ind1="a" ind2="1"><subfield code="a">9783903004108</subfield></datafield><datafield tag="574" ind1="-" ind2="1"><subfield code="a">15,N17</subfield></datafield><datafield tag="655" ind1="e" ind2="1"><subfield code="m">X:MVB</subfield><subfield code="q">text/html</subfield><subfield code="u">http://deposit.d-nb.de/cgi-bin/dokserv?id=5203696&amp;prov=M&amp;dok_var=1&amp;dok_ext=htm</subfield><subfield code="3">Inhaltstext</subfield><subfield code="A">2</subfield></datafield><datafield tag="655" ind1="e" ind2="1"><subfield code="m">B:DE-101</subfield><subfield code="q">application/pdf</subfield><subfield code="u">http://digitale-objekte.hbz-nrw.de/storage2/2016/01/30/file_16/6612012.pdf</subfield><subfield code="3">Inhaltsverzeichnis</subfield><subfield code="A">2</subfield></datafield><datafield tag="700" ind1="-" ind2="1"><subfield code="a">700</subfield><subfield code="2">DNB</subfield></datafield><datafield tag="700" ind1="n" ind2="1"><subfield code="a">Düsseldorf</subfield><subfield code="0">https://nwbib.de/spatial#Q1718</subfield></datafield><datafield tag="700" ind1="n" ind2="1"><subfield code="a">Köln</subfield><subfield code="0">https://nwbib.de/spatial#Q365</subfield></datafield><datafield tag="700" ind1="n" ind2="1"><subfield code="a">Kunstausstellungen</subfield><subfield code="0">https://nwbib.de/subjects#N841060</subfield></datafield><datafield tag="700" ind1="n" ind2="1"><subfield code="a">Kunstgeschichte</subfield><subfield code="0">https://nwbib.de/subjects#N842000</subfield></datafield><datafield tag="720" ind1="-" ind2="1"><subfield code="a">Paperback / softback</subfield><subfield code="2">Produktform</subfield></datafield><datafield tag="720" ind1="-" ind2="1"><subfield code="a">1580: Hardcover, Softcover / Kunst</subfield><subfield code="2">VLB-WN</subfield></datafield><datafield tag="902" ind1="-" ind2="1"><subfield code="s">Pop-Art</subfield><subfield code="9">(DE-588)4076259-2</subfield></datafield><datafield tag="902" ind1="-" ind2="1"><subfield code="s">Rezeption</subfield><subfield code="9">(DE-588)4049716-1</subfield></datafield><datafield tag="902" ind1="-" ind2="1"><subfield code="g">Deutschland</subfield><subfield code="9">(DE-588)4011882-4</subfield></datafield><datafield tag="902" ind1="-" ind2="1"><subfield code="z">Geschichte 1963-1973</subfield></datafield><datafield tag="907" ind1="-" ind2="1"><subfield code="g">Düsseldorf</subfield><subfield code="9">(DE-588)4013255-9</subfield></datafield><datafield tag="907" ind1="-" ind2="1"><subfield code="g">Köln</subfield><subfield code="9">(DE-588)4031483-2</subfield></datafield><datafield tag="907" ind1="-" ind2="1"><subfield code="s">Pop-Art</subfield><subfield code="9">(DE-588)4076259-2</subfield></datafield><datafield tag="907" ind1="-" ind2="1"><subfield code="z">Geschichte 1959-1972</subfield></datafield><datafield tag="909" ind1="-" ind2="1"><subfield code="a">NWBib</subfield></datafield><controlfield tag="SYS">020770547</controlfield><datafield tag="LOW" ind1="-" ind2="1"><subfield code="a">Q0001</subfield></datafield><datafield tag="LOW" ind1="-" ind2="1"><subfield code="a">Q1142</subfield></datafield><datafield tag="LOW" ind1="-" ind2="1"><subfield code="a">K6001</subfield></datafield><datafield tag="LOW" ind1="-" ind2="1"><subfield code="a">K1127</subfield></datafield><datafield tag="952" ind1="-" ind2="1"><subfield code="s">Pop art</subfield></datafield><datafield tag="952" ind1="-" ind2="1"><subfield code="s">Pop-Kunst</subfield></datafield><datafield tag="952" ind1="-" ind2="1"><subfield code="s">Fortwirken</subfield></datafield><datafield tag="952" ind1="-" ind2="1"><subfield code="s">Nachwirkung</subfield><subfield code="h">Rezeption</subfield></datafield><datafield tag="952" ind1="-" ind2="1"><subfield code="s">Nachleben</subfield></datafield><datafield tag="952" ind1="-" ind2="1"><subfield code="s">Wirkungsgeschichte</subfield></datafield><datafield tag="952" ind1="-" ind2="1"><subfield code="s">Aneignung</subfield><subfield code="h">Rezeption</subfield></datafield><datafield tag="952" ind1="-" ind2="1"><subfield code="g">Deutsche Länder</subfield></datafield><datafield tag="952" ind1="-" ind2="1"><subfield code="g">Germany</subfield><subfield code="h">Deutschland</subfield></datafield><datafield tag="952" ind1="-" ind2="1"><subfield code="g">Heiliges Römisches Reich</subfield></datafield><datafield tag="952" ind1="-" ind2="1"><subfield code="g">Rheinbund</subfield></datafield><datafield tag="952" ind1="-" ind2="1"><subfield code="g">Deutscher Bund</subfield></datafield><datafield tag="952" ind1="-" ind2="1"><subfield code="g">Norddeutscher Bund</subfield></datafield><datafield tag="952" ind1="-" ind2="1"><subfield code="g">Deutsches Reich</subfield></datafield><datafield tag="952" ind1="-" ind2="1"><subfield code="g">Deutschland</subfield><subfield code="h">Gebiet unter Alliierter Besatzung</subfield></datafield><datafield tag="952" ind1="-" ind2="1"><subfield code="g">Deutschland</subfield><subfield code="h">Bundesrepublik, 1990-</subfield></datafield><datafield tag="952" ind1="-" ind2="1"><subfield code="g">BRD</subfield><subfield code="h">1990-</subfield></datafield><datafield tag="952" ind1="-" ind2="1"><subfield code="g">Federal Republic of Germany</subfield><subfield code="h">Deutschland</subfield></datafield><datafield tag="952" ind1="-" ind2="1"><subfield code="g">Republic of Germany</subfield><subfield code="h">Deutschland</subfield></datafield><datafield tag="952" ind1="-" ind2="1"><subfield code="g">Allemagne</subfield><subfield code="h">Deutschland</subfield></datafield><datafield tag="952" ind1="-" ind2="1"><subfield code="g">Ǧumhūrīyat Almāniyā al-Ittiḥādīya</subfield></datafield><datafield tag="952" ind1="-" ind2="1"><subfield code="g">Bundesrepublik Deutschland</subfield><subfield code="h">1990-</subfield></datafield><datafield tag="952" ind1="-" ind2="1"><subfield code="g">BRD</subfield></datafield><datafield tag="952" ind1="-" ind2="1"><subfield code="g">Niemcy</subfield></datafield><datafield tag="952" ind1="-" ind2="1"><subfield code="g">République Fédérale d&apos;Allemagne</subfield><subfield code="h">Deutschland</subfield></datafield><datafield tag="952" ind1="-" ind2="1"><subfield code="g">Repubblica Federale di Germania</subfield><subfield code="h">Deutschland</subfield></datafield><datafield tag="952" ind1="-" ind2="1"><subfield code="g">Germanija</subfield></datafield><datafield tag="952" ind1="-" ind2="1"><subfield code="g">Federativnaja Respublika Germanija</subfield></datafield><datafield tag="952" ind1="-" ind2="1"><subfield code="g">FRG</subfield></datafield><datafield tag="952" ind1="-" ind2="1"><subfield code="g">Deyizhi-Lianbang-Gongheguo</subfield></datafield><datafield tag="957" ind1="-" ind2="1"><subfield code="g">Dusseldorf</subfield></datafield><datafield tag="957" ind1="-" ind2="1"><subfield code="g">Djussel&apos;dorf</subfield></datafield><datafield tag="957" ind1="-" ind2="1"><subfield code="g">Dyusserudorufu</subfield></datafield><datafield tag="957" ind1="-" ind2="1"><subfield code="g">Duseerduofu</subfield></datafield><datafield tag="957" ind1="-" ind2="1"><subfield code="g">Düsselopagum</subfield></datafield><datafield tag="957" ind1="-" ind2="1"><subfield code="g">Stadtgemeinde Düsseldorf</subfield></datafield><datafield tag="957" ind1="-" ind2="1"><subfield code="g">Landeshauptstadt Düsseldorf</subfield></datafield><datafield tag="957" ind1="-" ind2="1"><subfield code="g">Stadt Düsseldorf</subfield></datafield><datafield tag="957" ind1="-" ind2="1"><subfield code="g">Keln</subfield></datafield><datafield tag="957" ind1="-" ind2="1"><subfield code="g">Keulen</subfield></datafield><datafield tag="957" ind1="-" ind2="1"><subfield code="g">Cölln</subfield><subfield code="h">Köln</subfield></datafield><datafield tag="957" ind1="-" ind2="1"><subfield code="g">Groß-Köln</subfield></datafield><datafield tag="957" ind1="-" ind2="1"><subfield code="g">Kūlūniyā</subfield></datafield><datafield tag="957" ind1="-" ind2="1"><subfield code="g">Kerun</subfield></datafield><datafield tag="957" ind1="-" ind2="1"><subfield code="g">Oppidum Ubiorum</subfield></datafield><datafield tag="957" ind1="-" ind2="1"><subfield code="g">Ara Ubiorum</subfield></datafield><datafield tag="957" ind1="-" ind2="1"><subfield code="g">Colonia Claudia Ara Agrippinensium</subfield></datafield><datafield tag="957" ind1="-" ind2="1"><subfield code="g">CCAA</subfield></datafield><datafield tag="957" ind1="-" ind2="1"><subfield code="g">Colonia Agrippina</subfield></datafield><datafield tag="957" ind1="-" ind2="1"><subfield code="g">Colonia Agrippinensis</subfield></datafield><datafield tag="957" ind1="-" ind2="1"><subfield code="g">Colonia</subfield><subfield code="h">Köln</subfield></datafield><datafield tag="957" ind1="-" ind2="1"><subfield code="g">Colonia Ubiorum</subfield></datafield><datafield tag="957" ind1="-" ind2="1"><subfield code="g">Kölln am Rheine</subfield></datafield><datafield tag="957" ind1="-" ind2="1"><subfield code="g">Stadt Köln</subfield></datafield><datafield tag="957" ind1="-" ind2="1"><subfield code="g">Cöln</subfield></datafield><datafield tag="957" ind1="-" ind2="1"><subfield code="g">Cöllen</subfield></datafield><datafield tag="957" ind1="-" ind2="1"><subfield code="g">Cologne</subfield></datafield><datafield tag="957" ind1="-" ind2="1"><subfield code="g">Colonia ad Rhenum</subfield></datafield><datafield tag="957" ind1="-" ind2="1"><subfield code="g">Hansestadt Köln</subfield></datafield><datafield tag="957" ind1="-" ind2="1"><subfield code="g">Gross-Köln</subfield></datafield><datafield tag="957" ind1="-" ind2="1"><subfield code="g">Colonia Agrippina</subfield></datafield><datafield tag="957" ind1="-" ind2="1"><subfield code="g">Colonia Ubiorum</subfield></datafield><datafield tag="957" ind1="-" ind2="1"><subfield code="s">Pop art</subfield></datafield><datafield tag="957" ind1="-" ind2="1"><subfield code="s">Pop-Kunst</subfield></datafield><datafield tag="088" ind1=" " ind2=" "><subfield code="a">Kn 3</subfield><subfield code="b">00020050</subfield><subfield code="c">KMB/ZS SEDIME  :  25/26</subfield><subfield code="e">keine ILL</subfield></datafield><datafield tag="088" ind1=" " ind2=" "><subfield code="a">38/428</subfield><subfield code="b">00428001</subfield><subfield code="c">428/Z685</subfield><subfield code="e">keine ILL</subfield></datafield><datafield tag="088" ind1=" " ind2=" "><subfield code="a">5</subfield><subfield code="b">00000010</subfield><subfield code="c">4&apos; 2015/189</subfield><subfield code="e">ILL Ausleihe</subfield></datafield><datafield tag="088" ind1=" " ind2=" "><subfield code="a">6/015</subfield><subfield code="c">Z 1450 [25./26.]</subfield><subfield code="e">keine Angabe</subfield></datafield><datafield tag="088" ind1=" " ind2=" "><subfield code="a">465</subfield><subfield code="b">E11</subfield><subfield code="c">KFG1163-25/26</subfield><subfield code="e">Ausleihbestand</subfield></datafield><datafield tag="088" ind1=" " ind2=" "><subfield code="a">61</subfield><subfield code="b">03</subfield><subfield code="c">kund960.h582</subfield><subfield code="e">Ausleihbestand</subfield></datafield><datafield tag="088" ind1=" " ind2=" "><subfield code="a">836</subfield><subfield code="c">77 GLMB 41</subfield><subfield code="e">keine Angabe</subfield></datafield><datafield tag="088" ind1=" " ind2=" "><subfield code="a">467</subfield><subfield code="c">21KDY1694</subfield><subfield code="e">keine Angabe</subfield></datafield><datafield tag="088" ind1=" " ind2=" "><subfield code="a">Dü 18</subfield><subfield code="b">MAGNA</subfield><subfield code="c">Lg, 600 / 25/26 n.a.</subfield><subfield code="e">keine Fernleihe</subfield></datafield><datafield tag="088" ind1=" " ind2=" "><subfield code="a">5/7</subfield></datafield></record></metadata></record></ListRecords></OAI-PMH>